@book{anderson_taxonomy_2001,
	address = {New York},
	edition = {Complete ed},
	title = {A taxonomy for learning, teaching, and assessing: a revision of {Bloom}'s taxonomy of educational objectives},
	isbn = {9780321084057 9780801319037},
	shorttitle = {A taxonomy for learning, teaching, and assessing},
	publisher = {Longman},
	editor = {Anderson, Lorin W. and Krathwohl, David R.},
	year = {2001},
	keywords = {Aims and objectives, Benjamin Samuel, Bloom, Benjamin S, Education, Taxonomy of educational objectives},
}

@book{zinsmeister_korpuslinguistik_2015,
	title = {Korpuslinguistik. {Eine} {Einführung}},
	author = {Zinsmeister, Heike and Lemnitzer, Lothar},
	year = {2015},
}

@incollection{rapp_manuelle_2017,
	title = {Manuelle und automatische {Annotation}},
	booktitle = {Digital {Humanities}. {Eine} {Einführung}},
	author = {Rapp, Andrea},
	editor = {Jannidis, Fotis and Kohle, Hubertus and Rehbein, Malte},
	year = {2017},
	pages = {253--267},
}


@misc{gius_jacke_2016,
	title = {Zur {Annotation} narratologischer {Kategorien} der {Zeit}. {Guidelines} zur {Nutzung} des {CATMA}-{Tagsets}},
	url = {http://heureclea.de/wp-content/uploads/2016/11/guidelinesV2.pdf},
	author = {Gius, Evelyn and Jacke, Janina},
	collaborator = {Schüch, Lena and Meier, Nicola and Ghamsari, Reza Kai and Scholz, Hilke and Weinrich, Till},
	year = {2016},
	keywords = {zitiert in DHd-Artikel},
}


@incollection{lyman_responsive_1998,
	address = {College Park},
	title = {The responsive classroom discussion: {The} inclusion of all students},
	booktitle = {Mainstreaming {Digest}},
	publisher = {University of Maryland Press},
	author = {Lyman, F.T.},
	editor = {Anderson, A.S.},
	year = {1998},
	pages = {109--113},
}

@article{jackeRessourcenbeitragTagsetNarratologie2020,
	title = {Ressourcenbeitrag: {Tagset} {Narratologie} (histoire)},
	volume = {1},
	url = {https://fortext.net/ressourcen/tagsets/tagset-narratologie-histoire},
	doi = {10.48694/fortext.3757},
	number = {4},
	journal = {forTEXT Heft},
	author = {Jacke, Janina},
	month = aug,
	year = {2024},
	note = {Original Date: 2020-05-04},
	keywords = {Annotation, Close Reading, Digital Annotation, Exploration, Explorative Textanalyse, Gattung, Hermeneutische Textarbeit, Markup, Tagsets, Textanalyse},
}


@incollection{Hansen_figuren_2016,
	address = {Stuttgart},
	edition = {3},
	series = {Lehrbuch},
	title = {{IV}. 3.3 {Figuren}},
	isbn = {978-3-476-05415-9},
	url = {https://doi.org/10.1007/978-3-476-05415-9},
	abstract = {Diese Einführung vermittelt die Grundlagen der Erzähltheorie und gibt eine Anleitung zum praktischen Umgang mit Erzählliteratur. Sie erklärt die verschiedenen Aspekte der Erzähltextanalyse (Zeit, Erzähler, Modus, Stimme etc.) anhand von zahlreichen Textbeispielen und Musterinterpretationen. Dabei legen die Autor/innen einen weiten Begriff von Erzähltext zugrunde, der neben dem Kernbereich der fiktionalen Erzählliteratur auch andere Erzählformen und -medien umfasst. Mit Definitionen, zahlreichen Textbeispielen und Interpretationen. Für die dritte Auflage wurde der Band generell durchgesehen sowie aktualisiert und um Kapitel zur digitalen Textanalyse sowie zur Analyse von Comics erweitert.},
	language = {German},
	urldate = {2021-01-27},
	booktitle = {Einführung in die {Erzähltextanalyse}},
	publisher = {J. B. Metzler Verlag},
	author = {Hansen, Per Krogh},
	editor = {Lahn, Silke and Meister, Jan Christoph},
	translator = {Schlinzig, Marie Isabel},
	year = {2016},
	note = {OCLC: 960018036},
	pages = {234--249},
}


@book{von_ebner-eschenbach_marie_1896,
	title = {Marie von {Ebner}-{Eschenbach}: {Krambambuli}},
	url = {https://www.projekt-gutenberg.org/ebnresch/krambamb/krambamb.html},
	abstract = {Projekt Gutenberg {\textbar} Die weltweit größte kostenlose deutschsprachige Volltext-Literatursammlung {\textbar} Klassische Werke von A bis Z {\textbar} Bücher gratis online lesen},
	urldate = {2024-10-14},
	author = {von Ebner-Eschenbach, Marie},
	year = {1896},
}

@misc{modulhandbuch_2019,
	title = {Modulhandbuch {Germanistik} {J}.{B}.{A}.},
	url = {https://www.tu-darmstadt.de/media/daa_responsives_design/02_studium_medien/01_studieninteressierte_medien/02_studienangebot_medien/joint_bachelor_of_arts_2/germanistik_1/modulhandbuch_7/MHB-JBA-Germanistik-2019.pdf},
	urldate = {2024-10-14},
	publisher = {Technische Universität Darmstadt},
	author = {{Institut für Sprach- und Literaturwissenschaft}},
	year = {2019},
}


@article{graham_framework_2013,
	title = {A framework for institutional adoption and implementation of blended learning in higher education},
	volume = {18},
	issn = {10967516},
	url = {https://linkinghub.elsevier.com/retrieve/pii/S1096751612000607},
	doi = {10.1016/j.iheduc.2012.09.003},
	language = {en},
	urldate = {2024-10-14},
	journal = {The Internet and Higher Education},
	author = {Graham, Charles R. and Woodfield, Wendy and Harrison, J. Buckley},
	year = {2013},
	pages = {4--14},
}

@inproceedings{gius_catma_2016,
	address = {Hamburg},
	title = {{CATMA} ({Computer} {Aided} {Textual} {Markup} and {Analysis}) – ein {Tool} für die hermeneutische {Textanalyse}},
	url = {https://www.clarin-d.net/de/konferenz-abstracts/380-catma-computer-aided-textual-markup-and-analysis-ein-tool-fuer-die-hermeneutische-textanalyse},
	booktitle = {{CLARIN}-{D}},
	author = {Gius, Evelyn and Jacke, Janina and Meister, Jan Christoph and Petris, Marco},
	year = {2016},
}
@misc{giusCATMA2024,
  title = {{{CATMA}}},
  author = {Gius, Evelyn and Meister, Jan Christoph and Meister, Malte and Petris, Marco and Gerstorfer, Dominik and Akazawa, Mari},
  year = {2024},
  month = jun,
  doi = {10.5281/zenodo.12092195},
  abstract = {Computer Assisted Text Markup and Analysis},
  copyright = {Open Access},
  howpublished = {Zenodo},
  langid = {english}
}



@misc{fortext_tutorial_2020,
	title = {Tutorial: {In} {CATMA} 6 annotieren},
	url = {https://doi.org/10.5281/zenodo.10353910},
	author = {forTEXT},
	month = jan,
	year = {2020},
	doi = {10.5281/zenodo.10353910},
	note = {collection-title: Manuelle Annotation und Literaturanalyse
youtube-link: https://www.youtube.com/watch?v=UEIcUvoLfJ0},
}

@misc{fortext_tutorial_2020-1,
	title = {Tutorial: {Analysieren} und visualisieren mit {CATMA}},
	url = {https://doi.org/10.5281/zenodo.10276637},
	author = {forTEXT},
	month = feb,
	year = {2020},
	doi = {10.5281/zenodo.10276637},
	note = {collection-title: Manuelle Annotation und Literaturanalyse
youtube-link: https://www.youtube.com/watch?v=Kk-EdsC\_Q7M\&embeds\_referring\_euri=https\%3A\%2F\%2Ffortext.net\%2F\&feature=emb\_title},
}

@misc{fortext_tutorial_2019,
	title = {Tutorial: {CATMA} 6 zur manuellen {Annotation} nutzen},
	url = {https://zenodo.org/records/10353556},
	author = {forTEXT},
	month = oct,
	year = {2019},
	doi = {10.5281/zenodo.10353556},
	note = {collection-title: Manuelle Annotation und Literaturanalyse
youtube-link: https://youtu.be/d5yxE0Qu2Dw},
}

@misc{fortext_tutorial_2019-1,
	title = {Tutorial: {Projektmanagement} in {CATMA} 6},
	url = {https://zenodo.org/records/10353713},
	author = {forTEXT},
	month = nov,
	year = {2019},
	doi = {10.5281/zenodo.10353713},
	note = {collection-title: Manuelle Annotation und Literaturanalyse
youtube-link: https://youtu.be/agywc1hV0U4},
}

@misc{fortext_tutorial_2019-2,
	title = {Tutorial: {Tagsets} in {CATMA} 6 anlegen},
	url = {https://zenodo.org/records/10377968},
	author = {forTEXT},
	month = dec,
	year = {2019},
	doi = {10.5281/zenodo.10377968},
	note = {collection-title: Manuelle Annotation und Literaturanalyse
youtube-link: https://youtu.be/Q10W0st8ZCQ},
}


@article{jackeMethodenbeitragKollaborativesLiteraturwissenschaftliches2018,
	title = {Methodenbeitrag: {Kollaboratives} literaturwissenschaftliches {Annotieren}},
	volume = {1},
	url = {https://fortext.net/routinen/methoden/kollaboratives-literaturwissenschaftliches-annotieren},
	doi = {10.48694/fortext.3749},
	number = {4},
	journal = {forTEXT Heft},
	author = {Jacke, Janina},
	month = aug,
	year = {2024},
	note = {Original Date: 2018-04-04},
	keywords = {Annotation, Close Reading, Inhaltsanalyse, Kollaboration, Methoden, Stilanalyse},
}

@article{schumacherToolbeitragCATMA2019,
	title = {Toolbeitrag: {CATMA}},
	volume = {1},
	url = {https://fortext.net/tools/tools/catma},
	doi = {10.48694/fortext.3761},
	number = {4},
	journal = {forTEXT Heft},
	author = {Schumacher, Mareike},
	month = aug,
	year = {2024},
	note = {Original Date: 2019-04-15},
	keywords = {Annotation, Bibliografieren, Close Reading, Hermeneutische Textarbeit, Literaturverwaltung, Tools},
}

@article{jackeMethodenbeitragManuelleAnnotation2018,
	title = {Methodenbeitrag: {Manuelle} {Annotation}},
	volume = {1},
	url = {https://fortext.net/routinen/methoden/manuelle-annotation},
	doi = {10.48694/fortext.3748},
	number = {4},
	journal = {forTEXT Heft},
	author = {Jacke, Janina},
	month = aug,
	year = {2024},
	note = {Original Date: 2018-01-28},
	keywords = {Annotation, Close Reading, Inhaltsanalyse, Methoden, Stilanalyse},
}

@misc{Foliensatz_Einführung_Textannotation,
	title = {Foliensatz: Literarische Textannotation (mit CATMA)},
	author = {Guhr, Svenja},
	year = {2024},
}

@misc{Foliensatz_Figuren,
	title = {Foliensatz: Figurenanalyse},
	year = {2024},
	author = {Guhr, Svenja},
}

@book{Phelan_2005,
	title = {Living to Tell About It. A Rhetoric and Ethics of Character Narration},
	year = {2005},
	author = {Phelan, James},
	publisher = {Cornell University Press},
}

@book{Hansen_2000,
	title = {Karakterens rolle. Aspekter af en litterær karakterologi [Die Rolle des Characters. Aspekte einer literarischen Charakterologie]},
	year = {2000},
	author = {Hansen, Per Krogh},
	publisher = {Medusa},
}

@book{Forster_1949,
	title = {Ansichten des Romans},
	author = {Forster, Edward Morgan},
	year = {1949},
	publisher = {Suhrkamp},
}


@article{jacke_ressourcenbeitrag_2024,
	title = {Ressourcenbeitrag: {Tagset} {Narratologie} (histoire)},
	volume = {1},
	copyright = {Creative Commons Attribution-ShareAlike 4.0},
	issn = {2943-212X},
	shorttitle = {Ressourcenbeitrag},
	url = {https://www.fortext-hefte.de/article/id/3757/},
	doi = {10.48694/FORTEXT.3757},
	language = {de},
	number = {4},
	urldate = {2025-01-14},
	author = {Jacke, Janina},
	year = {2024},
	keywords = {Annotation, Close Reading, Digitale Annotation, Exploration, Explorative Textanalyse, Gattung, Hermeneutische Textarbeit, Markup, Textanalyse},
}

@Book{Behrmann-1991, author = {Alfred Behrmann}, gender = {sm}, maintitle = {Philologische Praxis}, volume = {2}, title = {Vom Nutzen literarischer Erziehung}, publisher = {Metzler}, address = {Stuttgart}, year = {1991}}

@Article{Boekaerts-1999, author = {Monique Boekaerts}, gender = {sf}, title = {Self-Regulated Learning}, subtitle = {Where We Are Today}, journal = {International Journal of Educational Research}, volume = {31}, year = {1999}, pages = {445--457}}

@Incollection{Boekaerts-2000, author = {Monique Boekaerts and Markku Niemivirta}, gender = {pp}, title = {Self-Regulated Learning}, subtitle = {Finding A Balance Between Learning Goals and Ego-Protective Goals}, booktitle = {Handbook of Self-Regulation}, editor = {Monique Boekaerts and Paul R. Pintrich and Moche Zeidner}, publisher = {Academic Press}, address = {San Diego}, year = {2000}, pages = {417--450}}

@Online{Euler-2017, author = {Ellen Euler and Anne Klammt and Oliver Rack}, title = {Bereit zu teilen?}, url = {https://www.deutsche-digitale-bibliothek.de/content/blog/bereit-zu-teilen}, date = {2017-02-21}, urldate = {2024-10-07}}

@Article{Gregolin-1990, author = {Jürgen Gregolin}, gender = {sm}, title = {Briefe als Texte}, subtitle = {Die Briefedition}, journal = {Deutsche Vierteljahresschrift für Literaturwissenschaft und Geistesgeschichte}, volume = {64}, number = {4}, year = {1990}, pages = {756--771}}

@Book{Jockers-2013,author = {Matthew L. Jockers}, gender = {sm}, title={Macroanalysis}, subtitle = {Digital Methods and Literary History}, publisher = {University of Illinois Press}, address = {Urbana}, year={2013}}

@Online{Klimpel-2020, author = {Paul Klimpel}, gender = {sm}, title = {Kulturelles Erbe digital~-- eine kleine Rechtsfibel}, editor = {digiS. Forschungs- und Kompetenzzentrum Digitalisierung Berlin}, url = {https://nbn-resolving.org/urn:nbn:de:0297-zib-78644}, date = {2020-07}, urldate = {2024-10-07}}

@Book{Klopstock-1984, author = {Friedrich Gottlieb Klopstock}, gender = {sm}, title = {Werke}, editor = {Karl-Heinz Hahn}, publisher = {Aufbau}, address = {Berlin}, edition = {5}, year = {1984}}

@Book{Klopstock-2020, author = {Friedrich Gottlieb Klopstock}, gender = {sm}, title = {Handexemplar der Oden}, editor = {Marit Müller}, series = {Edition Text~18}, publisher = {Wallstein}, address = {Göttingen}, year = {2020}}

@Incollection{Joost-2013, author = {Ulrich Joost}, gender = {sm}, title = {\enquote{Chatoullen \ldots, welche den vertrauten Briefwechsel \ldots enthielten}}, subtitle = {Die Erschließung großer Briefkorpora der Goethezeit. Probleme, Aufgaben und Möglichkeiten}, booktitle = {Brief-Edition im digitalen Zeitalter}, editor = {Anne Bohnenkamp and Elke Richter}, series = {Beihefte zu Editio~34}, publisher = {Der Gruyter}, address = {Berlin}, year = {2013}, pages = {7–23}}

@Incollection{Landmann-2015, author = {Meike Landmann and Franziska Perels and Barbara Otto and Kathleen Schnick-Vollmer and Bernhard Schmitz}, gender = {pp}, title = {Selbstregulation und selbstreguliertes Lernen}, booktitle = {Pädagogische Psychologie}, editor = {Elke Wild and Jens Möller}, publisher = {Springer}, address = {Berlin}, edition = {2}, year = {2015}, pages = {45--65}}

@Incollection{Mahony-2012, author = {Simon Mahony and Elena Pierazzo}, gender = {pp}, title = {Teaching Skills or Teaching Methodology?}, booktitle = {Digital Humanities Pedadogy. Practices, Principles and Politics}, editor = {Brett D. Hirsch}, publisher = {Open Book}, address = {[Cambridge]}, year = {2012}, pages = {215--225}}

@Book{Matthews-Schlinzig-2020-a, editor = {Marie Isabel Matthews-Schlinzig and Jörg Schuster and Gesa Steinbrink and Jochen Strobel}, gender = {pp}, maintitle = {Handbuch Brief. Von der Frühen Neuzeit bis zur Gegenwart}, volume = {1}, title = {Interdisziplinarität~-- Systematische Perspektiven~-- Briefgenres}, publisher = {De Gruyter}, address = {Berlin}, year = {2020}}

@Book{Matthews-Schlinzig-2020-b, editor = {Marie Isabel Matthews-Schlinzig and Jörg Schuster and Gesa Steinbrink and Jochen Strobel}, gender = {pp}, maintitle = {Handbuch Brief. Von der Frühen Neuzeit bis zur Gegenwart}, volume = {2}, title = {Historische Perspektiven~-- Netzwerke~-- Zeitgenossenschaften}, publisher = {De Gruyter}, address = {Berlin}, year = {2020}}

@Incollection{Mischke-2022, author = {Dennis Mischke and Peer Trilcke and Henny Sluyter-Gäthje}, gender = {pp}, title = {Hackathons als kollektiv-kreative Bildungsereignisse}, subtitle = {Ein Konzept zur Gestaltung offener Lehrveranstaltungen in den Digital Humanities}, booktitle = {Kulturen des digitalen Gedächtnisses}, editor = {Michaela Geierhos}, publisher = {[Digital Humanities im deutschsprachigen Raum e.V.]}, address = {Potsdam}, year = {2022}, pages = {131--134}}

@Article{Moerth-2021, author = {Martina Moerth and Hiltraut Paridon and Ulrike Sonntag}, gender ={pf}, title = {Kognitionswissenschaftliche Erkenntnisse und ihre Folgerungen für evidenzbasierte Hochschullehre}, journal = {Die Hochschullehre}, volume = {7}, number = {5}, year = {2021}, pages = {38--48}}

@Book{Moretti-2013, author = {Franco Moretti}, gender = {sm}, title = {Distant Reading}, publisher = {Verso}, address = {London}, year = {2013}}

@Incollection{Otto-2015, author = {Barbara Otto and Franziska Perels and Bernhard Schmitz}, gender = {pp}, title = {Selbstreguliertes Lernen}, booktitle = {Empirische Bildungsforschung. Gegenstandsbereiche}, editor = {Heinz Reinders and Hartmut Ditton and Cornelia Gräsel and Burkhard Gniewosz}, publisher = {Springer VS}, address = {Wiesbaden}, edition = {2}, year = {2015}, pages = {41--53}}

@Book{Plachta-1997, author = {Bodo Plachta}, gender = {sm}, title = {Editionswissenschaft}, subtitle = {Eine Einführung in Methode und Praxis der Edition neuerer Texte}, publisher =  {Reclam}, address = {Stuttgart}, year = {1997}}

@Book{Plachta-2020, author = {Bodo Plachta}, gender = {sm}, title = {Editionswissenschaft}, subtitle = {Handbuch zu Geschichte, Methode und Praxis der neugermanistischen Edition}, publisher = {Hiersemann}, address = {Stuttgart}, year = {2020}}

@Incollection{Rehbein-2012, author = {Malte Rehbein and Christiane Fritze}, gender = {pp}, title = {Hands-On Teaching Digital Humanities}, subtitle = {A Didactic Analysis of a Summer School Course on Digital Editing}, booktitle = {Digital Humanities Pedadogy. Practices, Principles and Politics}, editor = {Brett D. Hirsch}, publisher = {Open Book}, address = {[Cambridge]}, year = {2012}, pages = {47--57}}

@Article{Rosselli-Del-Turco-2012, author = {Roberto {Rosselli Del Turco}}, gender = {sm}, title = {After the Editing is Done: Designing a Graphic User Interface for Digital Editions}, journal = {Digital Medievalist}, volume = {7}, year = {2012}, doi = {https://doi.org/10.16995/dm.30}}

@Incollection{Rybicki-2012, author = {Jan Rybicki}, gender = {sm}, title = {The Great Mystery of the (Almost) Invisible Translator}, booktitle = {Quantitative Methods in Corpus-Based Translation Studies. A Practical Guide to Descriptive Translation Research}, editor = {Michael P. Oakes and Meng Ji}, publisher = {Benjamins}, address = {Amsterdam}, year = {2012}, pages = {231--248}, doi = {https://doi.org/10.1075/scl.51.09ryb}}

@book{Sahle-2013, author = {Patrick Sahle}, gender = {sm}, maintitle = {Digitale Editionsformen. Zum Umgang mit der Überlieferung unter den Bedingungen des Medienwandels}, volume = {2}, title = {Befunde, Theorie und Methodik}, series = {Schriften des Instituts für Dokumentologie und Editorik~8}, publisher = {Book on Demand}, address = {Norderstedt}, year = {2013}, url = {http://nbn-resolving.de/urn:nbn:de:hbz:38-53523}}

@Article{Sahle-2015, author = {Patrick Sahle}, gender = {sm}, title = {Digital Humanities? Gibt’s doch gar nicht!}, journal = {Zeitschrift für digitale Geisteswissenschaften}, volume = {Sonderband~1}, year = {2015}}

@Article{Strobel-2019, author = {Jochen Strobel}, gender = {sm}, title = {Performanz in der Briefkommunikation und ihre editorische Repräsentation}, journal = {Editio}, volume = {33}, year = {2019}, pages = {129--140}}

@Book{Titzmann-1977, author = {Michael Titzmann}, gender = {sm}, title = {Strukturale Textanalyse}, subtitle = {Theorie und Praxis der Interpretation}, publisher = {Fink}, address = {München}, year = {1977}}

@Incollection{Trilcke-2018, author = {Peer Trilcke and Frank Fischer}, title = {Literaturwissenschaft als Hackathon}, subtitle = {Zur Praxeologie der Digital Literary Studies und ihren epistemischen Dingen}, booktitle = {Wie Digitalität die Geisteswissenschaften verändert. Neue Forschungsgegenstände und Methoden}, editor = {Martin Huber and Sybille Krämer}, series = {Sonderbände der Zeitschrift für digitale Geisteswissenschaften~3}, publisher = {Herzog August Bibliothek}, address = {Wolfenbüttel}, year = {2018}}

@Book{Valla-1994, author = {Laurentius Valla}, gender = {sm}, title = {De falso credita et ementita constantini donatione declamatio}, editor = {Walther Schwahn}, pubisher = {Teubner}, address = {Stuttgart}, year = {1994}}

@Incollection{Walsh-2023, author = {Brandon Walsh}, gender = {sm}, title = {The Three-Speed Problem in Digital Humanities Pedagogy}, booktitle = {What We Teach When We Teach DH. Digital Humanities in the Classroom}, editor = {Brian Croxall and Diane K. Jakacki}, series = {Debates in the Digital Humanities~10}, publisher = {University of Minnesota Press}, address = {Minneapolis}, year = {2023}}

@Article{Zeller-2002, author = {Hans Zeller}, gender = {sm}, title = {Authentizität in der Briefedition}, subtitle = {Integrale Darstellung nichtsprachlicher Informationen des Originals}, journal = {Editio}, volume = {16}, year = {2002}, pages = {36--56}}

@Incollection{Zimmermann-2000, author = {Barry J. Zimmermann}, gender = {sm}, title = {Attaining Self-Regulation}, subtitle = {A Social Cognitive Perspective}, booktitle = {Handbook of Self-Regulation}, editor = {Monique Boekaerts and Paul R. Pintrich and Moche Zeidner}, publisher = {Academic Press}, address = {San Diego}, year = {2000}, pages = {13--39}}

