@Book{Behrmann-1991,
  author = {Alfred Behrmann},
  gender = {sm},
  maintitle = {Philologische Praxis},
  volume = {2},
  title = {Vom Nutzen literarischer Erziehung},
  publisher = {Metzler},
  address = {Stuttgart},
  year = {1991},
}

@Incollection{Boekaerts-2000,
  author = {Monique Boekaerts and Markku Niemivirta},
  gender = {pp},
  title = {Self-Regulated Learning},
  subtitle = {Finding A Balance Between Learning Goals and Ego-Protective Goals},
  booktitle = {Handbook of Self-Regulation},
  editor = {Monique Boekaerts and Paul R. Pintrich and Moche Zeidner},
  publisher = {Academic Press},
  address = {San Diego},
  year = {2000},
  pages = {417--450},
}

@Online{Burghart-2017,
  author = {Marjorie Burghart and Elena Pierazzo},
  gender = {pp},
  title = {Digital Scholarly Editions: Manuscripts, Texts and TEI Encoding},
  url = {https://teach.dariah.eu/course/view.php?id=32&section=0},
  date = {2017-07-17},
  urldate = {2025-02-21},
}

@Incollection{Burnard-2018,
  author = {Lou Burnard},
  gender = {sm},
  title = {How Modeling Standards Evolve},
  subtitle = {The Case of the TEI},
  booktitle = {The Shape of Data in Digital Humanities. Modeling Texts and Text-Based Resources},
  editor = {Julie Flanders and Fotis Jannidis},
  publisher = {Routledge},
  address = {London},
  year = {2018},
  pages = {99--116},
}

@Article{DeRose-1990,
  author = {Steven J. DeRose and David G. Durand and Elli Mylonas and Allen H. Renear},
  gender = {pp},
  title = {What Is Text, Really?},
  journal = {Journal of Computing in Higher Education},
  volume = {1},
  number = {2},
  year = {1990},
  pages = {3--26},
}


@Article{DFG-2015,
  author = {{Deutsche Forschungsgemeinschaft}},
  title = {Förderkriterien für wissenschaftliche Editionen in der Literaturwissenschaft},
  journal = {Informationen für Geistes- und Sozialwissenschaftler/innen},
  number = {11},
  year = {2015},
  url = {https://www.dfg.de/resource/blob/172080/895fcc3cb72ec6cd1d5dc84292fb2758/foerderkriterien-editionen-literaturwissenschaft-data.pdf},
  urldate = {2025-02-21},
}

@Article{Dumont-2016,
  author = {Stefan Dumont},
  gender = {sm},
  title = {{correspSearch} – {Connecting} {Scholarly} {Editions} of {Letters}},
  journal = {Journal of the Text Encoding Initiative},
  number = {10},
  year = {2016},
  publisher = {Text Encoding Initiative Consortium},
  url = {https://journals.openedition.org/jtei/1742},
  doi = {10.4000/jtei.1742},
  urldate = {2025-02-21},
}

@Online{Dumont-2020,
  author = {Stefan Dumont and Ingo Börner and Jonas Müller-Laackman and Dominik Leipold and Gerlinde Schneider},
  gender = {pp},
  title = {Correspondence Metadata Interchange Format (CMIF)},
  publisher = {Berlin-Brandenburg Academy of Sciences and Humanities},
  url = {https://encoding-correspondence.bbaw.de/v1/CMIF.html},
  date = {2020-04-22},
  urldate = {2025-02-21},
}

@Incollection{Goetz-2017,
  author = {Thomas Götz and Ulrike F. Nett},
  gender = {pp},
  title = {Selbstreguliertes Lernen},
  booktitle = {Emotion, Motivation und selbstreguliertes Lernen},
  editor = {Thomas Götz},
  publisher = {Schöningh},
  address = {Paderborn},
  edition = {2},
  year = {2017},
  pages = {144--185},
}


@Inproceedings{Goldfarb-1981,
  author = {Charles F. Goldfarb},
  gender = {sm},
  title = {A Generalized Approach to Document Markup},
  booktitle = {Proceedings of the ACM SIGPLAN SIGOA Symposium on Text Manipulation},
  publisher = {Association for Computing Machinery},
  address = {New York},
  year = {1981},
  pages = {68--73},
}

@Book{Goldfarb-2004,
  author = {Charles F. Goldfarb and Paul Prescod},
  gender = {pm},
  title = {XML Handbook},
  publisher = {Prentice Hall},
  address = {Upper Saddle River},
  edition = {5},
  year = {2004},
}

@Article{Gregolin-1990,
  author = {Jürgen Gregolin},
  gender = {sm},
  title = {Briefe als Texte},
  subtitle = {Die Briefedition},
  journal = {Deutsche Vierteljahresschrift für Literaturwissenschaft und Geistesgeschichte},
  volume = {64},
  number = {4},
  year = {1990},
  pages = {756--771},
}

@Online{Hegel-2023,
  author = {Philipp Hegel and Thorsten Ries and Gabriel Viehhauser},
  gender = {pp},
  title = {Workshop: Digitale Edition – Grundlagen und Perspektiven},
  url = {https://events.gwdg.de/event/531/overview},
  year = {2023},
  urldate = {2025-02-21},
}

@Incollection{Landmann-2015,
  author = {Meike Landmann and Franziska Perels and Barbara Otto and Kathleen Schnick-Vollmer and Bernhard Schmitz},
  gender = {pp},
  title = {Selbstregulation und selbstreguliertes Lernen},
  booktitle = {Pädagogische Psychologie},
  editor = {Elke Wild and Jens Möller},
  publisher = {Springer},
  address = {Berlin},
  edition = {2},
  year = {2015},
  pages = {45--65},
}

@Incollection{Mahony-2012,
  author = {Simon Mahony and Elena Pierazzo},
  gender = {pp},
  title = {Teaching Skills or Teaching Methodology?},
  booktitle = {Digital Humanities Pedadogy. Practices,
  Principles and Politics},
  editor = {Brett D. Hirsch},
  publisher = {Open Book},
  address = {[Cambridge]},
  year = {2012},
  pages = {215--225},
}

@Book{Matthews-Schlinzig-2020-a,
  editor = {Marie Isabel Matthews-Schlinzig and Jörg Schuster and Gesa Steinbrink and Jochen Strobel},
  gender = {pp},
  maintitle = {Handbuch Brief. Von der Frühen Neuzeit bis zur Gegenwart},
  volume = {1},
  title = {Interdisziplinarität~-- Systematische Perspektiven~-- Briefgenres},
  publisher = {De Gruyter},
  address = {Berlin},
  year = {2020},
}

@Book{Matthews-Schlinzig-2020-b,
  editor = {Marie Isabel Matthews-Schlinzig and Jörg Schuster and Gesa Steinbrink and Jochen Strobel},
  gender = {pp},
  maintitle = {Handbuch Brief. Von der Frühen Neuzeit bis zur Gegenwart},
  volume = {2},
  title = {Historische Perspektiven~-- Netzwerke~-- Zeitgenossenschaften},
  publisher = {De Gruyter},
  address = {Berlin},
  year = {2020},
}

@Book{McCarty-2005,
  author = {Willard McCarty},
  gender = {sm},
  title = {Humanities Computing},
  publisher = {Palgrave},
  address = {London},
  year = {2005},
}

@Incollection{Mischke-2022,
  author = {Dennis Mischke and Peer Trilcke and Henny Sluyter-Gäthje},
  gender = {pp},
  title = {Hackathons als kollektiv-kreative Bildungsereignisse},
  subtitle = {Ein Konzept zur Gestaltung offener Lehrveranstaltungen in den Digital Humanities},
  booktitle = {Kulturen des digitalen Gedächtnisses},
  editor = {Michaela Geierhos},
  publisher = {[Digital Humanities im deutschsprachigen Raum e.V.]},
  address = {Potsdam},
  year = {2022},
  pages = {131--134},
}

@Article{Moerth-2021,
  author = {Martina Moerth and Hiltraut Paridon and Ulrike Sonntag},
  gender ={pf},
  title = {Kognitionswissenschaftliche Erkenntnisse und ihre Folgerungen für evidenzbasierte Hochschullehre},
  journal = {Die Hochschullehre},
  volume = {7},
  number = {5},
  year = {2021},
  pages = {38--48},
}

@Incollection{Otto-2015,
  author = {Barbara Otto and Franziska Perels and Bernhard Schmitz},
  gender = {pp},
  title = {Selbstreguliertes Lernen},
  booktitle = {Empirische Bildungsforschung. Gegenstandsbereiche},
  editor = {Heinz Reinders and Hartmut Ditton and Cornelia Gräsel and Burkhard Gniewosz},
  publisher = {Springer VS},
  address = {Wiesbaden},
  edition = {2},
  year = {2015},
  pages = {41--53},
}

@Book{Plachta-2013,
  author = {Bodo Plachta},
  gender = {sm},
  title = {Editionswissenschaft},
  subtitle = {Eine Einführung in Methode und Praxis der Edition neuerer Texte},
  publisher =  {Reclam},
  address = {Stuttgart},
  edition = {2},
  year = {2013},
}

@Book{Plachta-2020,
  author = {Bodo Plachta},
  gender = {sm},
  title = {Editionswissenschaft},
  subtitle = {Handbuch zu Geschichte, Methode und Praxis der neugermanistischen Edition},
  publisher = {Hiersemann},
  address = {Stuttgart},
  year = {2020},
}

@Incollection{Rapp-2017,
  author = {Andrea Rapp},
  gender = {sf},
  title = {Manuelle und automatische Annotation},
  booktitle = {Digital Humanities},
  editor = {Fotis Jannidis and Hubertus Kohle and Malte Rehbein},
  publisher = {Metzler},
  address = {Stuttgart},
  year = {2017},
  pages = {253--267},
}

@Incollection{Rehbein-2012,
  author = {Malte Rehbein and Christiane Fritze},
  gender = {pp},
  title = {Hands-On Teaching Digital Humanities},
  subtitle = {A Didactic Analysis of a Summer School Course on Digital Editing},
  booktitle = {Digital Humanities Pedadogy. Practices,
  Principles and Politics},
  editor = {Brett D. Hirsch},
  publisher = {Open Book},
  address = {[Cambridge]},
  year = {2012},
  pages = {47--57},
}

@book{Sahle-2013,
  author = {Patrick Sahle},
  gender = {sm},
  maintitle = {Digitale Editionsformen. Zum Umgang mit der Überlieferung unter den Bedingungen des Medienwandels},
  volume = {2},
  title = {Befunde, Theorie und Methodik},
  series = {Schriften des Instituts für Dokumentologie und Editorik~8},
  publisher = {Book on Demand},
  address = {Norderstedt},
  year = {2013},
  url = {http://nbn-resolving.de/urn:nbn:de:hbz:38-53523},
}

@Article{Sahle-2015,
  author = {Patrick Sahle},
  gender = {sm},
  title = {Digital Humanities? Gibt’s doch gar nicht!},
  journal = {Zeitschrift für digitale Geisteswissenschaften},
  volume = {Sonderband~1},
  year = {2015},
}

@Inproceedings{Schmid-1995,
  author = {Helmut Schmid},
  gender = {sm},
  title = {Improvements in Part-of-Speech Tagging with an Application to German},
  journal = {Proceedings of the ACL SIGDAT-Workshop},
  publisher = {Association for Computational Linguistics},
  address = {Dublin},
  year = {1995},
  pages = {1–9}, 
  url = {https://cis.uni-muenchen.de/~schmid/tools/TreeTagger/data/tree-tagger2.pdf}
}

@Online{Schöch-2014,
  author = {Christof Schöch},
  gender = {sm},
  title = {Digitale Textedition mit TEI},
  publisher = {DARIAH-DE. Digital Research Infrastructure for the Arts and Humanities},
  url = {https://de.dariah.eu/web/guest/tei-tutorial},
  year = {2014},
  urldate = {2025-02-21}
}

@Article{Strobel-2019,
  author = {Jochen Strobel},
  gender = {sm},
  title = {Performanz in der Briefkommunikation und ihre editorische Repräsentation},
  journal = {Editio},
  volume = {33},
  year = {2019},
  pages = {129--140}
}

@Incollection{Trilcke-2018,
  author = {Peer Trilcke and Frank Fischer},
  gender = {pm},
  title = {Literaturwissenschaft als Hackathon},
  subtitle = {Zur Praxeologie der Digital Literary Studies und ihren epistemischen Dingen},
  booktitle = {Wie Digitalität die Geisteswissenschaften verändert. Neue Forschungsgegenstände und Methoden},
  editor = {Martin Huber and Sybille Krämer},
  series = {Sonderbände der Zeitschrift für digitale Geisteswissenschaften~3},
  publisher = {Herzog August Bibliothek},
  address = {Wolfenbüttel},
  year = {2018},
}

@Book{Valla-1994,
  author = {Laurentius Valla},
  gender = {sm},
  title = {De falso credita et ementita constantini donatione declamatio},
  editor = {Walther Schwahn},
  publisher = {Teubner},
  address = {Stuttgart},
  year = {1994},
}

@Incollection{Walsh-2023,
  author = {Brandon Walsh},
  gender = {sm},
  title = {The Three-Speed Problem in Digital Humanities Pedagogy},
  booktitle = {What We Teach When We Teach DH. Digital Humanities in the Classroom},
  editor = {Brian Croxall and Diane K. Jakacki},
  series = {Debates in the Digital Humanities~10},
  publisher = {University of Minnesota Press},
  address = {Minneapolis},
  year = {2023},
}

@Article{Zeller-2002,
  author = {Hans Zeller},
  gender = {sm},
  title = {Authentizität in der Briefedition},
  subtitle = {Integrale Darstellung nichtsprachlicher Informationen des Originals},
  journal = {Editio},
  volume = {16},
  year = {2002},
  pages = {36--56},
}

@Incollection{Zimmermann-2000,
  author = {Barry J. Zimmermann},
  gender = {sm},
  title = {Attaining Self-Regulation},
  subtitle = {A Social Cognitive Perspective},
  booktitle = {Handbook of Self-Regulation},
  editor = {Monique Boekaerts and Paul R. Pintrich and Moche Zeidner},
  publisher = {Academic Press},
  address = {San Diego},
  year = {2000},
  pages = {13--39},
}
