
@inproceedings{uglanova_order_2020,
	title = {The {Order} of {Things}. {A} {Study} on {Topic} {Modelling} of {Literary} {Texts}},
	url = {57–76},
	booktitle = {Proceedings of the {Workshop} on {Computational} {Humanities} {Research} ({CHR} 2020)},
	author = {Uglanova, Inna and Gius, Evelyn},
	editor = {Karsdorp, Folgert and McGillivray, Barbara and Nerghes, Adina and Wevers, Melvin},
	year = {2020},
	pages = {57--76},
}

@misc{horstmann_topic_2018,
	title = {Topic {Modeling}},
	url = {https://fortext.net/routinen/methoden/topic-modeling},
	journal = {forTEXT. Literatur digital erforschen},
	author = {Horstmann, Jan},
	year = {2018},
}

@article{jacke_methodenbeitrag_2024,
	title = {Methodenbeitrag: {Manuelle} {Annotation}},
	volume = {1},
	copyright = {. https://creativecommons.org/licenses/by-sa/4.0/-This work is licensed under a Creative CommonsAttribution-ShareAlike 4.0 International License.},
	issn = {2943-212X},
	shorttitle = {Methodenbeitrag},
	url = {https://www.fortext-hefte.de/article/id/3748/},
	doi = {10.48694/fortext.3748},
	language = {deu},
	number = {4},
	urldate = {2025-03-15},
	journal = {forTEXT},
	author = {Jacke, Janina},
	month = aug,
	year = {2024},
}

@misc{anthony_antconc_2024,
	title = {{AntConc} ({Windows}, {MacOS}, {Linux})
Build 4.3.1},
	url = {https://www.laurenceanthony.net/software/antconc/releases/AntConc431/help.pdf},
	author = {Anthony, Laurence},
	year = {2024},
}

@article{kurwinkel_thematologie_2023,
	title = {Thematologie im 21. {Jahrhundert}: {Die} transmediale {Motivanalyse}},
	volume = {21},
	copyright = {Creative Commons Attribution 4.0 International},
	shorttitle = {Thematologie im 21. {Jahrhundert}},
	url = {https://miami.uni-muenster.de/Record/9719a6bc-4d67-48c0-a2a1-5aa94c28430b},
	doi = {10.17879/19958492841},
	abstract = {Der Beitrag skizziert den Stand der Motivforschung und entwickelt darauf aufbauend einen operationalisierbaren Motivbegriff, eine Typologie literarischer Motivik sowie ein Analyseinstrumentarium, das den narrativen Kern von Motiven erkennbar macht und seinen unterschiedlichen Ausgestaltungsdimensionen gerecht wird. Damit sucht der Beitrag die Ergebnisse von verschiedenen Forschungs- und Publikationsprojekten an den Universitäten Bremen und Duisburg-Essen seit 2017 zusammenzufassen.},
	language = {de},
	number = {2},
	urldate = {2025-03-15},
	journal = {Textpraxis},
	author = {Kurwinkel, Tobias and Jakobi, Stefanie},
	year = {2023},
	keywords = {800 Literature (Belles-lettres) and rhetoric},
}

@incollection{schoch_aufbau_2017,
	address = {Stuttgart},
	title = {Aufbau von {Datensammlungen}},
	booktitle = {Digital {Humanities}. {Eine} {Einführung}},
	publisher = {Metzler},
	author = {Schöch, Christof},
	editor = {Jannidis, Fotis and Kohle, Hubertus and Rehbein, Malte},
	year = {2017},
	pages = {223--226},
}

@incollection{wolpers_wege_2002,
	address = {Göttingen},
	title = {Wege der {Göttinger} {Motiv}- und {Themenforschung}},
	booktitle = {Ergebnisse und {Perspektiven} der literaturwissenschaftlichen {Motiv}- und {Themenforschung}},
	publisher = {Vandenhoeck \& Ruprecht},
	author = {Wolpers, Theodor and Wolpers, Theodor},
	year = {2002},
	pages = {41--112},
}

@incollection{frenzel_stufen_1984,
	address = {Göttingen},
	title = {Stufen der deutschen {Naturlyrik} von {Brockes} bis {Eichendorff}. {Erkenntnis} und poetische {Erfassung} der außermenschlichen {Umwelt}},
	booktitle = {Motive und {Themen} romantischer {Naturdichtung}.
Textanalysen und {Traditionszusammenhänge}},
	publisher = {Vandenhoeck \& Ruprecht},
	author = {Frenzel, Elisabeth},
	editor = {Wolpers, Theodor},
	year = {1984},
	pages = {190--200},
}

@incollection{rakusa_durch_2023,
	address = {Stuttgart},
	title = {Durch {Schnee}},
	booktitle = {Kürzestgeschichten},
	publisher = {Reclam},
	author = {Rakusa, Ilma},
	editor = {Hummel, Christine},
	year = {2023},
	pages = {97--100},
}

@incollection{grote_anfang_2017,
	address = {Frankfurt a. M.},
	edition = {9. Aufl.},
	title = {Der {Anfang} vor dem {Ende}},
	booktitle = {{MiniDramen}},
	publisher = {Verlag der Autoren},
	author = {Grote, Wilfrid},
	editor = {Braun, Karlheinz},
	year = {2017},
	pages = {135--136},
}

@incollection{hofmannsthal_erfahrung_1979,
	address = {Frankfurt a. M.},
	title = {Erfahrung},
	volume = {Band 1: Gedichte, Dramen},
	booktitle = {Gesammelte {Werke} in zehn {Einzelbänden}},
	publisher = {Fischer},
	author = {Hofmannsthal, Hugo von},
	year = {1979},
	pages = {117--118},
}

@incollection{lubkoll_thematologie_2009,
	title = {Thematologie},
	booktitle = {Methodengeschichte der {Germanistik}},
	publisher = {de Gruyter},
	author = {Lubkoll, Christine},
	editor = {Schneider, Jost},
	year = {2009},
	pages = {747--762},
}

@article{pichler_zur_2021,
	title = {Zur {Operationalisierung} literaturwissenschaftlicher {Begriffe} in der algorithmischen {Textanalyse}. {Eine} {Annäherung} über {Norbert} {Altenhofers} hermeneutische {Modellinterpretation} von {Kleists} {Das} {Erdbeben} in {Chili}},
	volume = {15},
	issn = {1862-8990},
	url = {http://www.jltonline.de/index.php/articles/article/view/1124},
	abstract = {Zur Operationalisierung literaturwissenschaftlicher Begriffe in der algorithmischen Textanalyse. Eine Annäherung über Norbert Altenhofers hermeneutische Modellinterpretation von Kleists Das Erdbeben in Chili},
	language = {de},
	number = {1-2},
	urldate = {2023-12-11},
	journal = {JLT Articles},
	author = {Pichler, Axel and Reiter, Nils},
	year = {2021},
}
