@book{anderson_taxonomy_2001,
	address = {New York},
	edition = {Complete ed},
	title = {A taxonomy for learning, teaching, and assessing: a revision of {Bloom}'s taxonomy of educational objectives},
	isbn = {9780321084057 9780801319037},
	shorttitle = {A taxonomy for learning, teaching, and assessing},
	publisher = {Longman},
	editor = {Anderson, Lorin W. and Krathwohl, David R.},
	year = {2001},
	keywords = {Aims and objectives, Benjamin Samuel, Bloom, Benjamin S, Education, Taxonomy of educational objectives},
}

@book{zinsmeister_korpuslinguistik_2015,
	title = {Korpuslinguistik. {Eine} {Einführung}},
	author = {Zinsmeister, Heike and Lemnitzer, Lothar},
	year = {2015},
}

@incollection{rapp_manuelle_2017,
	title = {Manuelle und automatische {Annotation}},
	booktitle = {Digital {Humanities}. {Eine} {Einführung}},
	author = {Rapp, Andrea},
	editor = {Jannidis, Fotis and Kohle, Hubertus and Rehbein, Malte},
	year = {2017},
	pages = {253--267},
}


@misc{gius_jacke_2016,
	title = {Zur {Annotation} narratologischer {Kategorien} der {Zeit}. {Guidelines} zur {Nutzung} des {CATMA}-{Tagsets}},
	url = {http://heureclea.de/wp-content/uploads/2016/11/guidelinesV2.pdf},
	author = {Gius, Evelyn and Jacke, Janina},
	collaborator = {Schüch, Lena and Meier, Nicola and Ghamsari, Reza Kai and Scholz, Hilke and Weinrich, Till},
	year = {2016},
	keywords = {zitiert in DHd-Artikel},
}


@incollection{lyman_responsive_1998,
	address = {College Park},
	title = {The responsive classroom discussion: {The} inclusion of all students},
	booktitle = {Mainstreaming {Digest}},
	publisher = {University of Maryland Press},
	author = {Lyman, F.T.},
	editor = {Anderson, A.S.},
	year = {1998},
	pages = {109--113},
}

@article{jackeRessourcenbeitragTagsetNarratologie2020,
	title = {Ressourcenbeitrag: {Tagset} {Narratologie} (histoire)},
	volume = {1},
	url = {https://fortext.net/ressourcen/tagsets/tagset-narratologie-histoire},
	doi = {10.48694/fortext.3757},
	number = {4},
	journal = {forTEXT Heft},
	author = {Jacke, Janina},
	month = aug,
	year = {2024},
	note = {Original Date: 2020-05-04},
	keywords = {Annotation, Close Reading, Digital Annotation, Exploration, Explorative Textanalyse, Gattung, Hermeneutische Textarbeit, Markup, Tagsets, Textanalyse},
}


@incollection{krogh_figuren_2016,
	address = {Stuttgart},
	edition = {3},
	series = {Lehrbuch},
	title = {{IV}. 3.3 {Figuren}},
	isbn = {978-3-476-05415-9},
	url = {https://doi.org/10.1007/978-3-476-05415-9},
	abstract = {Diese Einführung vermittelt die Grundlagen der Erzähltheorie und gibt eine Anleitung zum praktischen Umgang mit Erzählliteratur. Sie erklärt die verschiedenen Aspekte der Erzähltextanalyse (Zeit, Erzähler, Modus, Stimme etc.) anhand von zahlreichen Textbeispielen und Musterinterpretationen. Dabei legen die Autor/innen einen weiten Begriff von Erzähltext zugrunde, der neben dem Kernbereich der fiktionalen Erzählliteratur auch andere Erzählformen und -medien umfasst. Mit Definitionen, zahlreichen Textbeispielen und Interpretationen. Für die dritte Auflage wurde der Band generell durchgesehen sowie aktualisiert und um Kapitel zur digitalen Textanalyse sowie zur Analyse von Comics erweitert.},
	language = {German},
	urldate = {2021-01-27},
	booktitle = {Einführung in die {Erzähltextanalyse}},
	publisher = {J. B. Metzler Verlag},
	author = {Hansen, Per Krogh},
	editor = {Lahn, Silke and Meister, Jan Christoph},
	translator = {Schlinzig, Marie Isabel},
	year = {2016},
	note = {OCLC: 960018036},
	pages = {234--249},
}


@book{von_ebner-eschenbach_marie_1896,
	title = {Marie von {Ebner}-{Eschenbach}: {Krambambuli}},
	url = {https://www.projekt-gutenberg.org/ebnresch/krambamb/krambamb.html},
	abstract = {Projekt Gutenberg {\textbar} Die weltweit größte kostenlose deutschsprachige Volltext-Literatursammlung {\textbar} Klassische Werke von A bis Z {\textbar} Bücher gratis online lesen},
	urldate = {2024-10-14},
	author = {von Ebner-Eschenbach, Marie},
	year = {1896},
}

@misc{modulhandbuch_2019,
	title = {Modulhandbuch {Germanistik} {J}.{B}.{A}.},
	url = {https://www.tu-darmstadt.de/media/daa_responsives_design/02_studium_medien/01_studieninteressierte_medien/02_studienangebot_medien/joint_bachelor_of_arts_2/germanistik_1/modulhandbuch_7/MHB-JBA-Germanistik-2019.pdf},
	urldate = {2024-10-14},
	publisher = {Technische Universität Darmstadt},
	author = {{Institut für Sprach- und Literaturwissenschaft}},
	year = {2019},
}


@article{graham_framework_2013,
	title = {A framework for institutional adoption and implementation of blended learning in higher education},
	volume = {18},
	issn = {10967516},
	url = {https://linkinghub.elsevier.com/retrieve/pii/S1096751612000607},
	doi = {10.1016/j.iheduc.2012.09.003},
	language = {en},
	urldate = {2024-10-14},
	journal = {The Internet and Higher Education},
	author = {Graham, Charles R. and Woodfield, Wendy and Harrison, J. Buckley},
	year = {2013},
	pages = {4--14},
}

@inproceedings{gius_catma_2016,
	address = {Hamburg},
	title = {{CATMA} ({Computer} {Aided} {Textual} {Markup} and {Analysis}) – ein {Tool} für die hermeneutische {Textanalyse}},
	url = {https://www.clarin-d.net/de/konferenz-abstracts/380-catma-computer-aided-textual-markup-and-analysis-ein-tool-fuer-die-hermeneutische-textanalyse},
	booktitle = {{CLARIN}-{D}},
	author = {Gius, Evelyn and Jacke, Janina and Meister, Jan Christoph and Petris, Marco},
	year = {2016},
}


@misc{fortext_tutorial_2020,
	title = {Tutorial: {In} {CATMA} 6 annotieren},
	url = {https://doi.org/10.5281/zenodo.10353910},
	author = {forTEXT},
	month = jan,
	year = {2020},
	doi = {10.5281/zenodo.10353910},
	note = {collection-title: Manuelle Annotation und Literaturanalyse
youtube-link: https://www.youtube.com/watch?v=UEIcUvoLfJ0},
}

@misc{fortext_tutorial_2020-1,
	title = {Tutorial: {Analysieren} und visualisieren mit {CATMA}},
	url = {https://doi.org/10.5281/zenodo.10276637},
	author = {forTEXT},
	month = feb,
	year = {2020},
	doi = {10.5281/zenodo.10276637},
	note = {collection-title: Manuelle Annotation und Literaturanalyse
youtube-link: https://www.youtube.com/watch?v=Kk-EdsC\_Q7M\&embeds\_referring\_euri=https\%3A\%2F\%2Ffortext.net\%2F\&feature=emb\_title},
}

@misc{fortext_tutorial_2019,
	title = {Tutorial: {CATMA} 6 zur manuellen {Annotation} nutzen},
	url = {https://zenodo.org/records/10353556},
	author = {forTEXT},
	month = oct,
	year = {2019},
	doi = {10.5281/zenodo.10353556},
	note = {collection-title: Manuelle Annotation und Literaturanalyse
youtube-link: https://youtu.be/d5yxE0Qu2Dw},
}

@misc{fortext_tutorial_2019-1,
	title = {Tutorial: {Projektmanagement} in {CATMA} 6},
	url = {https://zenodo.org/records/10353713},
	author = {forTEXT},
	month = nov,
	year = {2019},
	doi = {10.5281/zenodo.10353713},
	note = {collection-title: Manuelle Annotation und Literaturanalyse
youtube-link: https://youtu.be/agywc1hV0U4},
}

@misc{fortext_tutorial_2019-2,
	title = {Tutorial: {Tagsets} in {CATMA} 6 anlegen},
	url = {https://zenodo.org/records/10377968},
	author = {forTEXT},
	month = dec,
	year = {2019},
	doi = {10.5281/zenodo.10377968},
	note = {collection-title: Manuelle Annotation und Literaturanalyse
youtube-link: https://youtu.be/Q10W0st8ZCQ},
}


@article{jackeMethodenbeitragKollaborativesLiteraturwissenschaftliches2018,
	title = {Methodenbeitrag: {Kollaboratives} literaturwissenschaftliches {Annotieren}},
	volume = {1},
	url = {https://fortext.net/routinen/methoden/kollaboratives-literaturwissenschaftliches-annotieren},
	doi = {10.48694/fortext.3749},
	number = {4},
	journal = {forTEXT Heft},
	author = {Jacke, Janina},
	month = aug,
	year = {2024},
	note = {Original Date: 2018-04-04},
	keywords = {Annotation, Close Reading, Inhaltsanalyse, Kollaboration, Methoden, Stilanalyse},
}

@article{schumacherToolbeitragCATMA2019,
	title = {Toolbeitrag: {CATMA}},
	volume = {1},
	url = {https://fortext.net/tools/tools/catma},
	doi = {10.48694/fortext.3761},
	number = {4},
	journal = {forTEXT Heft},
	author = {Schumacher, Mareike},
	month = aug,
	year = {2024},
	note = {Original Date: 2019-04-15},
	keywords = {Annotation, Bibliografieren, Close Reading, Hermeneutische Textarbeit, Literaturverwaltung, Tools},
}

@article{jackeMethodenbeitragManuelleAnnotation2018,
	title = {Methodenbeitrag: {Manuelle} {Annotation}},
	volume = {1},
	url = {https://fortext.net/routinen/methoden/manuelle-annotation},
	doi = {10.48694/fortext.3748},
	number = {4},
	journal = {forTEXT Heft},
	author = {Jacke, Janina},
	month = aug,
	year = {2024},
	note = {Original Date: 2018-01-28},
	keywords = {Annotation, Close Reading, Inhaltsanalyse, Methoden, Stilanalyse},
}
